@misc{trd,
    author = {Juan Baldares},
    institution = {UNICEF Costa Rica},
    title = {T\'erminos de referencia para contrataci\'on de consultor(a)/contratista individual},
    year = {2022},
    note = {\url{https://www.unicef.org/costarica/media/5636/file}}
}

@misc{prop,
    author = {Wilberth Castro},
    institution = {UNICEF Costa Rica},
    title = {Propuesta de trabajo para el procesamiento y an\'alisis de datos referentes al presupuesto del MEP por nivel educativo (preescolar, primaria y secundaria)},
    year = {2023}
}
